@article{ISSN-2456-2165,
	author = {Sahiti S. Magapu, Sashank Vaddiparty},
	year = {2019},
	month = {01},
	pages = {594-602},
	title = {The Study of Emotional Intelligence in
	Artificial Intelligence},
	volume = {4},
	journal = {International Journal of Innovative Science and Research Technology (IJISRT)},
	url = {https://ijisrt.com/wp-content/uploads/2019/02/IJISRT19JA351.pdf},
	doi = {}
}

@article{article,
	author = {Martins, Paulo},
	year = {2023},
	month = {02},
	pages = {33-36},
	title = {A Concise History of Hindu Astrology and Indian Spirituality},
	volume = {11},
	doi = {10.36347/sjahss.2023.v11i02.003}
}

@unknown{unknown,
	author = {Maravan Lakshmana Reddi, Raja M L},
	year = {2022},
	month = {04},
	pages = {},
	title = {Description of Twelve Zodiac Signs in Ancient Indian Texts}
}

@article{doi:10.1080/14755610.2022.2093234,
	author = {Paul Clements},
	title = {Astrology, modernity and the project of self-identity},
	journal = {Culture and Religion},
	volume = {21},
	number = {3},
	pages = {259-279},
	year  = {2020},
	publisher = {Routledge},
	doi = {10.1080/14755610.2022.2093234},
	URL = { 
	https://doi.org/10.1080/14755610.2022.2093234
	},
	eprint = { 
	https://doi.org/10.1080/14755610.2022.2093234
	}
}

@Article{atmos13081292,
	AUTHOR = {Anthes, Richard A.},
	TITLE = {Predictability and Predictions},
	JOURNAL = {Atmosphere},
	VOLUME = {13},
	YEAR = {2022},
	NUMBER = {8},
	ARTICLE-NUMBER = {1292},
	URL = {https://www.mdpi.com/2073-4433/13/8/1292},
	ISSN = {2073-4433},
	ABSTRACT = {This essay describes the author&rsquo;s lifetime experiences with predictability theory and weather predictions.},
	DOI = {10.3390/atmos13081292}
}
